@INPROCEEDINGS{mujoco,
  author={Todorov, Emanuel and Erez, Tom and Tassa, Yuval},
  booktitle={2012 IEEE/RSJ International Conference on Intelligent Robots and Systems}, 
  title={MuJoCo: A physics engine for model-based control}, 
  year={2012},
  volume={},
  number={},
  pages={5026-5033},
  keywords={Engines;Optimization;Computational modeling;Heuristic algorithms;Dynamics;Mathematical model},
  doi={10.1109/IROS.2012.6386109}}

@misc{marl,
      title={MARLlib: A Scalable and Efficient Multi-agent Reinforcement Learning Library}, 
      author={Siyi Hu and Yifan Zhong and Minquan Gao and Weixun Wang and Hao Dong and Xiaodan Liang and Zhihui Li and Xiaojun Chang and Yaodong Yang},
      year={2023},
      eprint={2210.13708},
      archivePrefix={arXiv},
      primaryClass={cs.LG},
      url={https://arxiv.org/abs/2210.13708}, 
}

@misc{gymnasium,
      title={Gymnasium: A Standard Interface for Reinforcement Learning Environments}, 
      author={Mark Towers and Ariel Kwiatkowski and Jordan Terry and John U. Balis and Gianluca De Cola and Tristan Deleu and Manuel Goulão and Andreas Kallinteris and Markus Krimmel and Arjun KG and Rodrigo Perez-Vicente and Andrea Pierré and Sander Schulhoff and Jun Jet Tai and Hannah Tan and Omar G. Younis},
      year={2024},
      eprint={2407.17032},
      archivePrefix={arXiv},
      primaryClass={cs.LG},
      url={https://arxiv.org/abs/2407.17032}, 
}

@article{orbit,
   author={Mittal, Mayank and Yu, Calvin and Yu, Qinxi and Liu, Jingzhou and Rudin, Nikita and Hoeller, David and Yuan, Jia Lin and Singh, Ritvik and Guo, Yunrong and Mazhar, Hammad and Mandlekar, Ajay and Babich, Buck and State, Gavriel and Hutter, Marco and Garg, Animesh},
   journal={IEEE Robotics and Automation Letters},
   title={Orbit: A Unified Simulation Framework for Interactive Robot Learning Environments},
   year={2023},
   volume={8},
   number={6},
   pages={3740-3747},
   doi={10.1109/LRA.2023.3270034}
}

@article{Ha2018designrl,
  author = {David Ha},
  title  = {Reinforcement Learning for Improving Agent Design},
  eprint = {arXiv:1810.03779},
  url    = {https://designrl.github.io},
  note   = "\url{https://designrl.github.io}",
  year   = {2018}
}

@misc{tianshou,
      title={Tianshou: a Highly Modularized Deep Reinforcement Learning Library}, 
      author={Jiayi Weng and Huayu Chen and Dong Yan and Kaichao You and Alexis Duburcq and Minghao Zhang and Yi Su and Hang Su and Jun Zhu},
      year={2022},
      eprint={2107.14171},
      archivePrefix={arXiv},
      primaryClass={cs.LG},
      url={https://arxiv.org/abs/2107.14171}, 
}

